% Encoding: ISO-8859-1

@book{martin2009clean,
  title={Clean Code: A Handbook of Agile Software Craftsmanship},
  author={Martin, R.C.},
  isbn={9780132350884},
  lccn={20080240},
  series={Robert C. Martin series},
  url={https://books.google.fr/books?id=dwSfGQAACAAJ},
  year={2009},
  publisher={Prentice Hall}
}

@InProceedings{Rahimi2008Random,
  author    = {Rahimi, Ali and Recht, Benjamin},
  booktitle = {Advances in neural information processing systems},
  title     = {Random features for large-scale kernel machines},
  year      = {2008},
  pages     = {1177--1184},
}

@Article{Pedregosa2011Scikit,
  author  = {Pedregosa, F. and Varoquaux, G. and Gramfort, A. and Michel, V. and Thirion, B. and Grisel, O. and Blondel, M. and Prettenhofer, P. and Weiss, R. and Dubourg, V. and Vanderplas, J. and Passos, A. and Cournapeau, D. and Brucher, M. and Perrot, M. and Duchesnay, E.},
  journal = {Journal of Machine Learning Research},
  title   = {{Scikit-learn: Machine Learning in Python}},
  year    = {2011},
  pages   = {2825--2830},
  volume  = {12},
}

@Comment{jabref-meta: databaseType:bibtex;}
